<record><leader>00000cas a22000007a 4500</leader><controlfield tag="001">53206827</controlfield><controlfield tag="006">m     o  d        </controlfield><controlfield tag="007">cr cnu||||||||</controlfield><controlfield tag="008">031015c19709999ctumn nso     0   a0eng c</controlfield><datafield ind1=" " ind2=" " tag="010"><subfield code="a">  2003215915</subfield></datafield><datafield ind1=" " ind2=" " tag="040"><subfield code="a">NSD</subfield><subfield code="b">eng</subfield><subfield code="c">NSD</subfield><subfield code="d">OCLCQ</subfield></datafield><datafield ind1=" " ind2=" " tag="012"><subfield code="l">1</subfield></datafield><datafield ind1=" " ind2=" " tag="022"><subfield code="a">1547-1500</subfield><subfield code="l">1547-1497</subfield><subfield code="2">1</subfield></datafield><datafield ind1=" " ind2=" " tag="037"><subfield code="b">Citizens for a Better Granby, P.O. Box 165, Granby, CT 06035-0165</subfield></datafield><datafield ind1=" " ind2=" " tag="042"><subfield code="a">nsdp</subfield><subfield code="a">msc</subfield></datafield><datafield ind1="1" ind2="0" tag="050"><subfield code="a">ISSN RECORD</subfield></datafield><datafield ind1="0" ind2=" " tag="130"><subfield code="a">Granby drummer (Online)</subfield></datafield><datafield ind1=" " ind2="4" tag="222"><subfield code="a">The Granby drummer</subfield><subfield code="b">(Online)</subfield></datafield><datafield ind1="1" ind2="4" tag="245"><subfield code="a">The Granby drummer.</subfield></datafield><datafield ind1=" " ind2=" " tag="260"><subfield code="a">Granby, CT :</subfield><subfield code="b">Citizens for a Better Granby,</subfield><subfield code="c">[1970]-</subfield></datafield><datafield ind1=" " ind2=" " tag="310"><subfield code="a">Monthly (except Jan. and July)</subfield></datafield><datafield ind1=" " ind2=" " tag="336"><subfield code="a">text</subfield><subfield code="b">txt</subfield><subfield code="2">rdacontent</subfield></datafield><datafield ind1=" " ind2=" " tag="337"><subfield code="a">computer</subfield><subfield code="b">c</subfield><subfield code="2">rdamedia</subfield></datafield><datafield ind1=" " ind2=" " tag="338"><subfield code="a">online resource</subfield><subfield code="b">cr</subfield><subfield code="2">rdacarrier</subfield></datafield><datafield ind1="1" ind2=" " tag="362"><subfield code="a">Print began with vol. 1, no. 1 (Oct. 1970).</subfield></datafield><datafield ind1=" " ind2=" " tag="500"><subfield code="a">Title from caption (PDF, viewed Oct. 14, 2003).</subfield></datafield><datafield ind1=" " ind2=" " tag="530"><subfield code="a">Also issued in print.</subfield></datafield><datafield ind1=" " ind2=" " tag="538"><subfield code="a">Mode of access: World Wide Web.</subfield></datafield><datafield ind1="2" ind2=" " tag="710"><subfield code="a">Citizens for a Better Granby.</subfield></datafield><datafield ind1=" " ind2=" " tag="752"><subfield code="a">United States</subfield><subfield code="b">Connecticut</subfield><subfield code="c">Hartford</subfield><subfield code="d">Granby.</subfield></datafield><datafield ind1="1" ind2=" " tag="776"><subfield code="t">Granby drummer</subfield><subfield code="x">1547-1497</subfield><subfield code="w">(DLC)sn 92051360</subfield><subfield code="w">(OCoLC)26375648</subfield></datafield><datafield ind1="4" ind2="0" tag="856"><subfield code="u">http://www.granbydrummer.org</subfield></datafield><datafield ind1="1" ind2=" " tag="029"><subfield code="a">AU@</subfield><subfield code="b">000025052957</subfield></datafield></record>